[gd_scene load_steps=12 format=2]

[ext_resource path="res://Player/Skull.tscn" type="PackedScene" id=1]
[ext_resource path="res://Person/Person.tscn" type="PackedScene" id=2]
[ext_resource path="res://Player/green_area.png" type="Texture" id=3]
[ext_resource path="res://Player/orange_area.png" type="Texture" id=4]
[ext_resource path="res://Person/stadium.png" type="Texture" id=5]
[ext_resource path="res://Audio/Music/Happy Halloween (Music Box).ogg" type="AudioStream" id=6]

[sub_resource type="Gradient" id=1]
offsets = PoolRealArray( 0, 0.0107527, 1 )
colors = PoolColorArray( 1, 1, 1, 1, 1, 1, 1, 0, 1, 1, 1, 0 )

[sub_resource type="GradientTexture" id=2]
gradient = SubResource( 1 )

[sub_resource type="RectangleShape2D" id=3]
extents = Vector2( 248, 10 )

[sub_resource type="RectangleShape2D" id=4]
extents = Vector2( 26, 110 )

[sub_resource type="RectangleShape2D" id=5]
extents = Vector2( 59, 93 )

[node name="Map2" type="Node2D"]

[node name="Skull" parent="." instance=ExtResource( 1 )]
position = Vector2( 334, 120 )

[node name="Skull2" parent="." instance=ExtResource( 1 )]
position = Vector2( 526, 120 )
player = 1

[node name="Skull3" parent="." instance=ExtResource( 1 )]
position = Vector2( 275, 89 )
player = 2

[node name="Skull4" parent="." instance=ExtResource( 1 )]
position = Vector2( 475, 89 )
player = 3

[node name="GameArea" type="Sprite" parent="."]
position = Vector2( 248, 205 )
scale = Vector2( 298, 158 )
texture = SubResource( 2 )
centered = false
region_enabled = true
region_rect = Rect2( 0, 0, 1, 1 )

[node name="Person" parent="GameArea" instance=ExtResource( 2 )]
position = Vector2( 0.469803, 0.430374 )
scale = Vector2( 0.0033557, 0.00632911 )
z_index = 50

[node name="Person2" parent="GameArea" instance=ExtResource( 2 )]
position = Vector2( 0.469803, 0.430374 )
scale = Vector2( 0.0033557, 0.00632911 )
z_index = 50

[node name="Person3" parent="GameArea" instance=ExtResource( 2 )]
position = Vector2( 0.469803, 0.430374 )
scale = Vector2( 0.0033557, 0.00632911 )
z_index = 50

[node name="Person4" parent="GameArea" instance=ExtResource( 2 )]
position = Vector2( 0.469803, 0.430374 )
scale = Vector2( 0.0033557, 0.00632911 )
z_index = 50

[node name="Person5" parent="GameArea" instance=ExtResource( 2 )]
position = Vector2( 0.469803, 0.430374 )
scale = Vector2( 0.0033557, 0.00632911 )
z_index = 50

[node name="Person6" parent="GameArea" instance=ExtResource( 2 )]
position = Vector2( 0.469803, 0.430374 )
scale = Vector2( 0.0033557, 0.00632911 )
z_index = 50

[node name="Person7" parent="GameArea" instance=ExtResource( 2 )]
position = Vector2( 0.469803, 0.430374 )
scale = Vector2( 0.0033557, 0.00632911 )
z_index = 50

[node name="Person8" parent="GameArea" instance=ExtResource( 2 )]
position = Vector2( 0.469803, 0.430374 )
scale = Vector2( 0.0033557, 0.00632911 )
z_index = 50

[node name="Person9" parent="GameArea" instance=ExtResource( 2 )]
position = Vector2( 0.469803, 0.430374 )
scale = Vector2( 0.0033557, 0.00632911 )
z_index = 50

[node name="Person10" parent="GameArea" instance=ExtResource( 2 )]
position = Vector2( 0.469803, 0.430374 )
scale = Vector2( 0.0033557, 0.00632911 )
z_index = 50

[node name="Person11" parent="GameArea" instance=ExtResource( 2 )]
position = Vector2( 0.469803, 0.430374 )
scale = Vector2( 0.0033557, 0.00632911 )
z_index = 50

[node name="Person12" parent="GameArea" instance=ExtResource( 2 )]
position = Vector2( 0.469803, 0.430374 )
scale = Vector2( 0.0033557, 0.00632911 )
z_index = 50

[node name="Person13" parent="GameArea" instance=ExtResource( 2 )]
position = Vector2( 0.469803, 0.430374 )
scale = Vector2( 0.0033557, 0.00632911 )
z_index = 50

[node name="Person14" parent="GameArea" instance=ExtResource( 2 )]
position = Vector2( 0.469803, 0.430374 )
scale = Vector2( 0.0033557, 0.00632911 )
z_index = 50

[node name="Person15" parent="GameArea" instance=ExtResource( 2 )]
position = Vector2( 0.469803, 0.430374 )
scale = Vector2( 0.0033557, 0.00632911 )
z_index = 50

[node name="Person16" parent="GameArea" instance=ExtResource( 2 )]
position = Vector2( 0.469803, 0.430374 )
scale = Vector2( 0.0033557, 0.00632911 )
z_index = 50

[node name="Person17" parent="GameArea" instance=ExtResource( 2 )]
position = Vector2( 0.469803, 0.430374 )
scale = Vector2( 0.0033557, 0.00632911 )
z_index = 50

[node name="Person18" parent="GameArea" instance=ExtResource( 2 )]
position = Vector2( 0.469803, 0.430374 )
scale = Vector2( 0.0033557, 0.00632911 )
z_index = 50

[node name="Blocked Area" type="Node2D" parent="."]
position = Vector2( -2, -25 )

[node name="StaticBody2D" type="StaticBody2D" parent="Blocked Area"]

[node name="CollisionShape2D" type="CollisionShape2D" parent="Blocked Area/StaticBody2D"]
position = Vector2( 398, 221 )
shape = SubResource( 3 )

[node name="CollisionShape2D3" type="CollisionShape2D" parent="Blocked Area/StaticBody2D"]
position = Vector2( 675, 315 )
shape = SubResource( 4 )

[node name="CollisionShape2D4" type="CollisionShape2D" parent="Blocked Area/StaticBody2D"]
position = Vector2( 126, 315 )
shape = SubResource( 4 )

[node name="CollisionShape2D2" type="CollisionShape2D" parent="Blocked Area/StaticBody2D"]
position = Vector2( 398, 398 )
shape = SubResource( 3 )

[node name="GreenBlockedArea" type="StaticBody2D" parent="Blocked Area"]
collision_layer = 256
collision_mask = 256

[node name="CollisionShape2D" type="CollisionShape2D" parent="Blocked Area/GreenBlockedArea"]
self_modulate = Color( 0.964706, 0.431373, 0, 1 )
position = Vector2( 607, 303 )
shape = SubResource( 5 )

[node name="Sprite" type="Sprite" parent="Blocked Area/GreenBlockedArea"]
position = Vector2( 200, 309 )
scale = Vector2( 6.25, 9.875 )
texture = ExtResource( 3 )

[node name="OrangeBlockedArea" type="StaticBody2D" parent="Blocked Area"]
collision_layer = 512
collision_mask = 512

[node name="Sprite" type="Sprite" parent="Blocked Area/OrangeBlockedArea"]
position = Vector2( 599, 309 )
scale = Vector2( 6.37499, 9.875 )
texture = ExtResource( 4 )

[node name="CollisionShape2D" type="CollisionShape2D" parent="Blocked Area/OrangeBlockedArea"]
self_modulate = Color( 0.172549, 0, 1, 1 )
position = Vector2( 191, 303 )
shape = SubResource( 5 )

[node name="Node2D" type="Node2D" parent="Blocked Area"]
editor/display_folded = true

[node name="Camera2D" type="Camera2D" parent="."]
position = Vector2( 402, 195 )
current = true

[node name="Sprite" type="Sprite" parent="."]
position = Vector2( 394, 271 )
texture = ExtResource( 5 )

[node name="TimeLabel" type="Label" parent="."]
margin_left = 357.0
margin_top = 50.0
margin_right = 423.0
margin_bottom = 64.0
text = "TimeLabel"

[node name="Music" type="AudioStreamPlayer" parent="."]
stream = ExtResource( 6 )
autoplay = true

